@article{Bowker1985,
  doi = {10.2307/2617706},
  url = {https://doi.org/10.2307/2617706},
  year = {1985},
  publisher = {Oxford University Press ({OUP})},
  volume = {61},
  number = {4},
  pages = {607--618},
  author = {Mike Bowker and Phil Williams},
  title = {Helsinki and West European Security},
  journal = {International Affairs}
}

@article{2N3055_ds,
    author = {},
    title = {2N3055 (NPN), MJ2955 (PNP) - Complementary Silicon Power Transistors},
    journal = {On Semiconductor},
    year = {2005},
    url = {https://www.onsemi.com/pdf/datasheet/2n3055-d.pdf}
}
