@misc{TAU_ProdSpec, title = {Tau SWIR Product Specification}, 
    url={https://drive.google.com/file/d/1hDU8Dk9fygd2EyuG_VCbWGHtwMtvR_7e/view}, 
    year={2018}, month={October}
}
@misc{GND_HDBL, 
    title = {ELECTRICAL GROUNDING ARCHITECTURE FOR UNMANNED SPACECRAFT},
    publisher = {NASA},
    url = {https://s3vi.ndc.nasa.gov/ssri-kb/static/resources/NASA-HDBK-4001.pdf},
    year={1998},
    month={February}
}